@article{richterklassischer,
title={Klassischer ballistischer Transport in offenen Billardsystemen mit Magnetfeld},
author={Richter, Martin},
year={2007}
}

@article{boggild1999magnetic,
title={Magnetic focusing in triangular electron billiards},
author={B{\o}ggild, Peter and Kristensen, A and Lindelof, Poul Erik},
journal={Physical Review B},
volume={59},
number={20},
pages={13067},
year={1999},
publisher={APS}
}

@article{cvitanovic2020chaos,
  title={Chaos: Classical and Quantum},
  author={P. CvitanoviÄ‡, R. Artuso, R. Mainieri, G. Tanner and G. Vattay},
  journal={ChaosBook. org (Niels Bohr Institute, Copenhagen 2020)},
  Chapter={Billiards},
  pages={156},
  year={2020},
  publisher={Niels Bohr Institute, Copenhagen 2020}
}

